%YAML 1.1
%TAG !u! tag:unity3d.com,2011:
--- !u!1 &2040229347854869416
GameObject:
  m_ObjectHideFlags: 0
  m_CorrespondingSourceObject: {fileID: 0}
  m_PrefabInstance: {fileID: 0}
  m_PrefabAsset: {fileID: 0}
  serializedVersion: 6
  m_Component:
  - component: {fileID: 2042961202206763816}
  m_Layer: 0
  m_Name: Bone005
  m_TagString: Untagged
  m_Icon: {fileID: 0}
  m_NavMeshLayer: 0
  m_StaticEditorFlags: 0
  m_IsActive: 1
--- !u!4 &2042961202206763816
Transform:
  m_ObjectHideFlags: 0
  m_CorrespondingSourceObject: {fileID: 0}
  m_PrefabInstance: {fileID: 0}
  m_PrefabAsset: {fileID: 0}
  m_GameObject: {fileID: 2040229347854869416}
  m_LocalRotation: {x: 0.11167092, y: 0.08869539, z: -0.26364756, w: 0.95401925}
  m_LocalPosition: {x: -0.20456131, y: 0.00000045776366, z: 0}
  m_LocalScale: {x: 1, y: 1, z: 1.0000001}
  m_ConstrainProportionsScale: 0
  m_Children:
  - {fileID: 2037170866171850592}
  m_Father: {fileID: 2043435602560854020}
  m_RootOrder: 0
  m_LocalEulerAnglesHint: {x: 15.06063, y: 6.5618615, z: -30.028406}
--- !u!1 &2040281504395994488
GameObject:
  m_ObjectHideFlags: 0
  m_CorrespondingSourceObject: {fileID: 0}
  m_PrefabInstance: {fileID: 0}
  m_PrefabAsset: {fileID: 0}
  serializedVersion: 6
  m_Component:
  - component: {fileID: 2043281139994893950}
  m_Layer: 0
  m_Name: Bone026
  m_TagString: Untagged
  m_Icon: {fileID: 0}
  m_NavMeshLayer: 0
  m_StaticEditorFlags: 0
  m_IsActive: 1
--- !u!4 &2043281139994893950
Transform:
  m_ObjectHideFlags: 0
  m_CorrespondingSourceObject: {fileID: 0}
  m_PrefabInstance: {fileID: 0}
  m_PrefabAsset: {fileID: 0}
  m_GameObject: {fileID: 2040281504395994488}
  m_LocalRotation: {x: -0.000000009313224, y: 0.0000000018626451, z: 1.7347231e-17,
    w: 1}
  m_LocalPosition: {x: -0.13242994, y: -0.000000963211, z: 0.000000038146972}
  m_LocalScale: {x: 0.99999994, y: 1, z: 1}
  m_ConstrainProportionsScale: 0
  m_Children: []
  m_Father: {fileID: 2043488580407322018}
  m_RootOrder: 0
  m_LocalEulerAnglesHint: {x: -0.0000010672168, y: 0.0000002134434, z: 0}
--- !u!1 &2040305091747155942
GameObject:
  m_ObjectHideFlags: 0
  m_CorrespondingSourceObject: {fileID: 0}
  m_PrefabInstance: {fileID: 0}
  m_PrefabAsset: {fileID: 0}
  serializedVersion: 6
  m_Component:
  - component: {fileID: 2036958117948774076}
  m_Layer: 0
  m_Name: Bone021
  m_TagString: Untagged
  m_Icon: {fileID: 0}
  m_NavMeshLayer: 0
  m_StaticEditorFlags: 0
  m_IsActive: 1
--- !u!4 &2036958117948774076
Transform:
  m_ObjectHideFlags: 0
  m_CorrespondingSourceObject: {fileID: 0}
  m_PrefabInstance: {fileID: 0}
  m_PrefabAsset: {fileID: 0}
  m_GameObject: {fileID: 2040305091747155942}
  m_LocalRotation: {x: 0.21849597, y: 0.102536745, z: -0.08837049, w: 0.9664039}
  m_LocalPosition: {x: -0.14470781, y: 0.000000028610229, z: -0.000000015497207}
  m_LocalScale: {x: 1, y: 1.0000001, z: 0.99999994}
  m_ConstrainProportionsScale: 0
  m_Children:
  - {fileID: 2043102876565783702}
  m_Father: {fileID: 2043448408368862840}
  m_RootOrder: 0
  m_LocalEulerAnglesHint: {x: 26.13152, y: 10.237773, z: -8.067534}
--- !u!1 &2040397184375359404
GameObject:
  m_ObjectHideFlags: 0
  m_CorrespondingSourceObject: {fileID: 0}
  m_PrefabInstance: {fileID: 0}
  m_PrefabAsset: {fileID: 0}
  serializedVersion: 6
  m_Component:
  - component: {fileID: 2037176982123371718}
  m_Layer: 0
  m_Name: Dummy001
  m_TagString: Untagged
  m_Icon: {fileID: 0}
  m_NavMeshLayer: 0
  m_StaticEditorFlags: 0
  m_IsActive: 1
--- !u!4 &2037176982123371718
Transform:
  m_ObjectHideFlags: 0
  m_CorrespondingSourceObject: {fileID: 0}
  m_PrefabInstance: {fileID: 0}
  m_PrefabAsset: {fileID: 0}
  m_GameObject: {fileID: 2040397184375359404}
  m_LocalRotation: {x: 0.3049538, y: -0.40679735, z: -0.31912002, w: 0.79980093}
  m_LocalPosition: {x: 0, y: 0, z: 0}
  m_LocalScale: {x: 2.54, y: 2.5400004, z: 2.54}
  m_ConstrainProportionsScale: 0
  m_Children:
  - {fileID: 2043326191885632158}
  - {fileID: 2043100163346339824}
  m_Father: {fileID: 2036828002837417368}
  m_RootOrder: 1
  m_LocalEulerAnglesHint: {x: 13.189375, y: -60.256016, z: -51.180634}
--- !u!1 &2040495486918336436
GameObject:
  m_ObjectHideFlags: 0
  m_CorrespondingSourceObject: {fileID: 0}
  m_PrefabInstance: {fileID: 0}
  m_PrefabAsset: {fileID: 0}
  serializedVersion: 6
  m_Component:
  - component: {fileID: 2043435602560854020}
  m_Layer: 0
  m_Name: Bone004
  m_TagString: Untagged
  m_Icon: {fileID: 0}
  m_NavMeshLayer: 0
  m_StaticEditorFlags: 0
  m_IsActive: 1
--- !u!4 &2043435602560854020
Transform:
  m_ObjectHideFlags: 0
  m_CorrespondingSourceObject: {fileID: 0}
  m_PrefabInstance: {fileID: 0}
  m_PrefabAsset: {fileID: 0}
  m_GameObject: {fileID: 2040495486918336436}
  m_LocalRotation: {x: 0.12192745, y: 0.3715809, z: -0.47121, w: 0.7905836}
  m_LocalPosition: {x: -0.18015763, y: -0.000000114440915, z: -0.000000019073486}
  m_LocalScale: {x: 1, y: 1, z: 0.9999998}
  m_ConstrainProportionsScale: 0
  m_Children:
  - {fileID: 2042961202206763816}
  m_Father: {fileID: 2037156860965035112}
  m_RootOrder: 0
  m_LocalEulerAnglesHint: {x: 32.886246, y: 34.250755, z: -51.20008}
--- !u!1 &2040535863436391598
GameObject:
  m_ObjectHideFlags: 0
  m_CorrespondingSourceObject: {fileID: 0}
  m_PrefabInstance: {fileID: 0}
  m_PrefabAsset: {fileID: 0}
  serializedVersion: 6
  m_Component:
  - component: {fileID: 2043448408368862840}
  m_Layer: 0
  m_Name: Bone020
  m_TagString: Untagged
  m_Icon: {fileID: 0}
  m_NavMeshLayer: 0
  m_StaticEditorFlags: 0
  m_IsActive: 1
--- !u!4 &2043448408368862840
Transform:
  m_ObjectHideFlags: 0
  m_CorrespondingSourceObject: {fileID: 0}
  m_PrefabInstance: {fileID: 0}
  m_PrefabAsset: {fileID: 0}
  m_GameObject: {fileID: 2040535863436391598}
  m_LocalRotation: {x: 0.96673685, y: -0.22372895, z: 0.12246374, w: -0.01918125}
  m_LocalPosition: {x: 0.01975699, y: 0.0011273957, z: 0.0017082214}
  m_LocalScale: {x: 1, y: 0.99999994, z: 1}
  m_ConstrainProportionsScale: 0
  m_Children:
  - {fileID: 2036958117948774076}
  m_Father: {fileID: 2043100163346339824}
  m_RootOrder: 0
  m_LocalEulerAnglesHint: {x: 1.0148144, y: 165.79442, z: -154.06566}
--- !u!1 &2040546156829955014
GameObject:
  m_ObjectHideFlags: 0
  m_CorrespondingSourceObject: {fileID: 0}
  m_PrefabInstance: {fileID: 0}
  m_PrefabAsset: {fileID: 0}
  serializedVersion: 6
  m_Component:
  - component: {fileID: 2043322884497719976}
  m_Layer: 0
  m_Name: Bone007
  m_TagString: Untagged
  m_Icon: {fileID: 0}
  m_NavMeshLayer: 0
  m_StaticEditorFlags: 0
  m_IsActive: 1
--- !u!4 &2043322884497719976
Transform:
  m_ObjectHideFlags: 0
  m_CorrespondingSourceObject: {fileID: 0}
  m_PrefabInstance: {fileID: 0}
  m_PrefabAsset: {fileID: 0}
  m_GameObject: {fileID: 2040546156829955014}
  m_LocalRotation: {x: -0.10816199, y: -0.028149707, z: -0.047561653, w: 0.99259585}
  m_LocalPosition: {x: -0.17489082, y: 0, z: 0.000000019073486}
  m_LocalScale: {x: 1.0000001, y: 1, z: 1}
  m_ConstrainProportionsScale: 0
  m_Children:
  - {fileID: 2043338569879323164}
  m_Father: {fileID: 2037170866171850592}
  m_RootOrder: 0
  m_LocalEulerAnglesHint: {x: -12.556366, y: -2.6773195, z: -5.1920223}
--- !u!1 &2040552647211921722
GameObject:
  m_ObjectHideFlags: 0
  m_CorrespondingSourceObject: {fileID: 0}
  m_PrefabInstance: {fileID: 0}
  m_PrefabAsset: {fileID: 0}
  serializedVersion: 6
  m_Component:
  - component: {fileID: 2037027587481111370}
  m_Layer: 0
  m_Name: Bone002
  m_TagString: Untagged
  m_Icon: {fileID: 0}
  m_NavMeshLayer: 0
  m_StaticEditorFlags: 0
  m_IsActive: 1
--- !u!4 &2037027587481111370
Transform:
  m_ObjectHideFlags: 0
  m_CorrespondingSourceObject: {fileID: 0}
  m_PrefabInstance: {fileID: 0}
  m_PrefabAsset: {fileID: 0}
  m_GameObject: {fileID: 2040552647211921722}
  m_LocalRotation: {x: 0.13535687, y: 0.19658713, z: -0.108070806, w: 0.9650662}
  m_LocalPosition: {x: -0.18760443, y: -0.0000000500679, z: -0.000000023841856}
  m_LocalScale: {x: 0.99999994, y: 0.9999999, z: 1}
  m_ConstrainProportionsScale: 0
  m_Children:
  - {fileID: 2037156860965035112}
  m_Father: {fileID: 2043326191885632158}
  m_RootOrder: 0
  m_LocalEulerAnglesHint: {x: 17.682817, y: 21.564512, z: -9.385547}
--- !u!1 &2040664320494447558
GameObject:
  m_ObjectHideFlags: 0
  m_CorrespondingSourceObject: {fileID: 0}
  m_PrefabInstance: {fileID: 0}
  m_PrefabAsset: {fileID: 0}
  serializedVersion: 6
  m_Component:
  - component: {fileID: 2036901678721228516}
  m_Layer: 0
  m_Name: Bone024
  m_TagString: Untagged
  m_Icon: {fileID: 0}
  m_NavMeshLayer: 0
  m_StaticEditorFlags: 0
  m_IsActive: 1
--- !u!4 &2036901678721228516
Transform:
  m_ObjectHideFlags: 0
  m_CorrespondingSourceObject: {fileID: 0}
  m_PrefabInstance: {fileID: 0}
  m_PrefabAsset: {fileID: 0}
  m_GameObject: {fileID: 2040664320494447558}
  m_LocalRotation: {x: -0.15441835, y: 0.20642051, z: -0.42320055, w: 0.868589}
  m_LocalPosition: {x: -0.1446998, y: -0.000000038146972, z: -0.000000038146972}
  m_LocalScale: {x: 0.99999994, y: 1.0000001, z: 1.0000001}
  m_ConstrainProportionsScale: 0
  m_Children:
  - {fileID: 2043488580407322018}
  m_Father: {fileID: 2037251651078412310}
  m_RootOrder: 0
  m_LocalEulerAnglesHint: {x: -5.367156, y: 29.43551, z: -53.364025}
--- !u!1 &2040687630279253892
GameObject:
  m_ObjectHideFlags: 0
  m_CorrespondingSourceObject: {fileID: 0}
  m_PrefabInstance: {fileID: 0}
  m_PrefabAsset: {fileID: 0}
  serializedVersion: 6
  m_Component:
  - component: {fileID: 2043326191885632158}
  m_Layer: 0
  m_Name: Bone001
  m_TagString: Untagged
  m_Icon: {fileID: 0}
  m_NavMeshLayer: 0
  m_StaticEditorFlags: 0
  m_IsActive: 1
--- !u!4 &2043326191885632158
Transform:
  m_ObjectHideFlags: 0
  m_CorrespondingSourceObject: {fileID: 0}
  m_PrefabInstance: {fileID: 0}
  m_PrefabAsset: {fileID: 0}
  m_GameObject: {fileID: 2040687630279253892}
  m_LocalRotation: {x: 0.97592753, y: -0.1398011, z: 0.16621268, w: -0.019862693}
  m_LocalPosition: {x: 0.014927512, y: -0.007052842, z: -0.0047876816}
  m_LocalScale: {x: 1, y: 1.0000001, z: 1}
  m_ConstrainProportionsScale: 0
  m_Children:
  - {fileID: 2037027587481111370}
  m_Father: {fileID: 2037176982123371718}
  m_RootOrder: 0
  m_LocalEulerAnglesHint: {x: 0.4414301, y: 160.73203, z: -163.77066}
--- !u!1 &2040688083427800830
GameObject:
  m_ObjectHideFlags: 0
  m_CorrespondingSourceObject: {fileID: 0}
  m_PrefabInstance: {fileID: 0}
  m_PrefabAsset: {fileID: 0}
  serializedVersion: 6
  m_Component:
  - component: {fileID: 2042992762194167994}
  m_Layer: 0
  m_Name: Bone011
  m_TagString: Untagged
  m_Icon: {fileID: 0}
  m_NavMeshLayer: 0
  m_StaticEditorFlags: 0
  m_IsActive: 1
--- !u!4 &2042992762194167994
Transform:
  m_ObjectHideFlags: 0
  m_CorrespondingSourceObject: {fileID: 0}
  m_PrefabInstance: {fileID: 0}
  m_PrefabAsset: {fileID: 0}
  m_GameObject: {fileID: 2040688083427800830}
  m_LocalRotation: {x: 9.313229e-10, y: -0.000000014901161, z: 0.000000015832484,
    w: 1}
  m_LocalPosition: {x: -0.103636645, y: -0.000000052452087, z: -0.000000076293944}
  m_LocalScale: {x: 1, y: 0.9999999, z: 1}
  m_ConstrainProportionsScale: 0
  m_Children: []
  m_Father: {fileID: 2043405122499409474}
  m_RootOrder: 0
  m_LocalEulerAnglesHint: {x: 0.000000106721764, y: -0.0000017075472, z: 0.0000018142689}
--- !u!1 &2040725927618946726
GameObject:
  m_ObjectHideFlags: 0
  m_CorrespondingSourceObject: {fileID: 0}
  m_PrefabInstance: {fileID: 0}
  m_PrefabAsset: {fileID: 0}
  serializedVersion: 6
  m_Component:
  - component: {fileID: 2037170866171850592}
  m_Layer: 0
  m_Name: Bone006
  m_TagString: Untagged
  m_Icon: {fileID: 0}
  m_NavMeshLayer: 0
  m_StaticEditorFlags: 0
  m_IsActive: 1
--- !u!4 &2037170866171850592
Transform:
  m_ObjectHideFlags: 0
  m_CorrespondingSourceObject: {fileID: 0}
  m_PrefabInstance: {fileID: 0}
  m_PrefabAsset: {fileID: 0}
  m_GameObject: {fileID: 2040725927618946726}
  m_LocalRotation: {x: 0.019176632, y: -0.0149104595, z: -0.11617591, w: 0.9929316}
  m_LocalPosition: {x: -0.20199881, y: 0, z: -0.000000047683713}
  m_LocalScale: {x: 1.0000001, y: 1.0000001, z: 1.0000002}
  m_ConstrainProportionsScale: 0
  m_Children:
  - {fileID: 2043322884497719976}
  m_Father: {fileID: 2042961202206763816}
  m_RootOrder: 0
  m_LocalEulerAnglesHint: {x: 1.9838442, y: -1.9533786, z: -13.380688}
--- !u!1 &2040865220291707094
GameObject:
  m_ObjectHideFlags: 0
  m_CorrespondingSourceObject: {fileID: 0}
  m_PrefabInstance: {fileID: 0}
  m_PrefabAsset: {fileID: 0}
  serializedVersion: 6
  m_Component:
  - component: {fileID: 2043405122499409474}
  m_Layer: 0
  m_Name: Bone010
  m_TagString: Untagged
  m_Icon: {fileID: 0}
  m_NavMeshLayer: 0
  m_StaticEditorFlags: 0
  m_IsActive: 1
--- !u!4 &2043405122499409474
Transform:
  m_ObjectHideFlags: 0
  m_CorrespondingSourceObject: {fileID: 0}
  m_PrefabInstance: {fileID: 0}
  m_PrefabAsset: {fileID: 0}
  m_GameObject: {fileID: 2040865220291707094}
  m_LocalRotation: {x: -0.6163381, y: 0.22207244, z: -0.32671502, w: 0.6812258}
  m_LocalPosition: {x: -0.12574753, y: -0.00000017166137, z: -0.000000019073486}
  m_LocalScale: {x: 1.0000001, y: 1, z: 1.0000001}
  m_ConstrainProportionsScale: 0
  m_Children:
  - {fileID: 2042992762194167994}
  m_Father: {fileID: 2037011729537283668}
  m_RootOrder: 0
  m_LocalEulerAnglesHint: {x: -43.997093, y: 78.64609, z: -87.86741}
--- !u!1 &2040964164314441692
GameObject:
  m_ObjectHideFlags: 0
  m_CorrespondingSourceObject: {fileID: 0}
  m_PrefabInstance: {fileID: 0}
  m_PrefabAsset: {fileID: 0}
  serializedVersion: 6
  m_Component:
  - component: {fileID: 2037286672142652942}
  - component: {fileID: 2140082034031373692}
  m_Layer: 0
  m_Name: default
  m_TagString: Untagged
  m_Icon: {fileID: 0}
  m_NavMeshLayer: 0
  m_StaticEditorFlags: 0
  m_IsActive: 1
--- !u!4 &2037286672142652942
Transform:
  m_ObjectHideFlags: 0
  m_CorrespondingSourceObject: {fileID: 0}
  m_PrefabInstance: {fileID: 0}
  m_PrefabAsset: {fileID: 0}
  m_GameObject: {fileID: 2040964164314441692}
  m_LocalRotation: {x: -0.7070992, y: 0.0032779397, z: -0.0032779397, w: 0.7070992}
  m_LocalPosition: {x: -0.2057652, y: 0.0026928734, z: -0.10874657}
  m_LocalScale: {x: 1.0000001, y: 1, z: 0.99999994}
  m_ConstrainProportionsScale: 0
  m_Children: []
  m_Father: {fileID: 2036828002837417368}
  m_RootOrder: 0
  m_LocalEulerAnglesHint: {x: -89.4688, y: 90, z: -90}
--- !u!137 &2140082034031373692
SkinnedMeshRenderer:
  m_ObjectHideFlags: 0
  m_CorrespondingSourceObject: {fileID: 0}
  m_PrefabInstance: {fileID: 0}
  m_PrefabAsset: {fileID: 0}
  m_GameObject: {fileID: 2040964164314441692}
  m_Enabled: 1
  m_CastShadows: 1
  m_ReceiveShadows: 1
  m_DynamicOccludee: 1
  m_StaticShadowCaster: 0
  m_MotionVectors: 1
  m_LightProbeUsage: 1
  m_ReflectionProbeUsage: 1
  m_RayTracingMode: 3
  m_RayTraceProcedural: 0
  m_RenderingLayerMask: 1
  m_RendererPriority: 0
  m_Materials:
  - {fileID: 2100000, guid: 1331917f943c58847ba6f6315e7fcc96, type: 2}
  m_StaticBatchInfo:
    firstSubMesh: 0
    subMeshCount: 0
  m_StaticBatchRoot: {fileID: 0}
  m_ProbeAnchor: {fileID: 0}
  m_LightProbeVolumeOverride: {fileID: 0}
  m_ScaleInLightmap: 1
  m_ReceiveGI: 1
  m_PreserveUVs: 0
  m_IgnoreNormalsForChartDetection: 0
  m_ImportantGI: 0
  m_StitchLightmapSeams: 1
  m_SelectedEditorRenderState: 3
  m_MinimumChartSize: 4
  m_AutoUVMaxDistance: 0.5
  m_AutoUVMaxAngle: 89
  m_LightmapParameters: {fileID: 0}
  m_SortingLayerID: 0
  m_SortingLayer: 0
  m_SortingOrder: 0
  serializedVersion: 2
  m_Quality: 0
  m_UpdateWhenOffscreen: 0
  m_SkinnedMotionVectors: 1
  m_Mesh: {fileID: 4300000, guid: db0e640233be68c438bfcd895c7787f9, type: 3}
  m_Bones:
  - {fileID: 2043326191885632158}
  - {fileID: 2037156860965035112}
  - {fileID: 2037027587481111370}
  - {fileID: 2042961202206763816}
  - {fileID: 2043322884497719976}
  - {fileID: 2037170866171850592}
  - {fileID: 2043435602560854020}
  - {fileID: 2037011729537283668}
  - {fileID: 2043405122499409474}
  - {fileID: 2043338569879323164}
  - {fileID: 2042992762194167994}
  - {fileID: 2036901678721228516}
  - {fileID: 2037251651078412310}
  m_BlendShapeWeights: []
  m_RootBone: {fileID: 2043326191885632158}
  m_AABB:
    m_Center: {x: 0.048657477, y: 0.07586875, z: 0.18229923}
    m_Extent: {x: 0.6011813, y: 0.19914997, z: 0.30269837}
  m_DirtyAABB: 0
--- !u!1 &2041186555268487514
GameObject:
  m_ObjectHideFlags: 0
  m_CorrespondingSourceObject: {fileID: 0}
  m_PrefabInstance: {fileID: 0}
  m_PrefabAsset: {fileID: 0}
  serializedVersion: 6
  m_Component:
  - component: {fileID: 2043102876565783702}
  m_Layer: 0
  m_Name: Bone022
  m_TagString: Untagged
  m_Icon: {fileID: 0}
  m_NavMeshLayer: 0
  m_StaticEditorFlags: 0
  m_IsActive: 1
--- !u!4 &2043102876565783702
Transform:
  m_ObjectHideFlags: 0
  m_CorrespondingSourceObject: {fileID: 0}
  m_PrefabInstance: {fileID: 0}
  m_PrefabAsset: {fileID: 0}
  m_GameObject: {fileID: 2041186555268487514}
  m_LocalRotation: {x: 0.2681598, y: 0.11974798, z: -0.21666458, w: 0.9310248}
  m_LocalPosition: {x: -0.15117252, y: 0.0000015950203, z: -0.000000035762785}
  m_LocalScale: {x: 0.99999994, y: 1.0000001, z: 1}
  m_ConstrainProportionsScale: 0
  m_Children:
  - {fileID: 2037251651078412310}
  m_Father: {fileID: 2036958117948774076}
  m_RootOrder: 0
  m_LocalEulerAnglesHint: {x: 33.450554, y: 7.352436, z: -23.988836}
--- !u!1 &2041213405835241814
GameObject:
  m_ObjectHideFlags: 0
  m_CorrespondingSourceObject: {fileID: 0}
  m_PrefabInstance: {fileID: 0}
  m_PrefabAsset: {fileID: 0}
  serializedVersion: 6
  m_Component:
  - component: {fileID: 2037156860965035112}
  m_Layer: 0
  m_Name: Bone003
  m_TagString: Untagged
  m_Icon: {fileID: 0}
  m_NavMeshLayer: 0
  m_StaticEditorFlags: 0
  m_IsActive: 1
--- !u!4 &2037156860965035112
Transform:
  m_ObjectHideFlags: 0
  m_CorrespondingSourceObject: {fileID: 0}
  m_PrefabInstance: {fileID: 0}
  m_PrefabAsset: {fileID: 0}
  m_GameObject: {fileID: 2041213405835241814}
  m_LocalRotation: {x: 0.17414697, y: 0.3437595, z: -0.2664958, w: 0.8834491}
  m_LocalPosition: {x: -0.20877698, y: 0.000000166893, z: -0.000000038146972}
  m_LocalScale: {x: 1, y: 0.99999994, z: 0.99999976}
  m_ConstrainProportionsScale: 0
  m_Children:
  - {fileID: 2043435602560854020}
  m_Father: {fileID: 2037027587481111370}
  m_RootOrder: 0
  m_LocalEulerAnglesHint: {x: 29.401125, y: 36.202526, z: -23.769182}
--- !u!1 &2042117047049166690
GameObject:
  m_ObjectHideFlags: 0
  m_CorrespondingSourceObject: {fileID: 0}
  m_PrefabInstance: {fileID: 0}
  m_PrefabAsset: {fileID: 0}
  serializedVersion: 6
  m_Component:
  - component: {fileID: 2036828002837417368}
  - component: {fileID: 2091084426805202220}
  - component: {fileID: 96479785}
  - component: {fileID: 8552185251101025141}
  - component: {fileID: 8181025933053845222}
  m_Layer: 0
  m_Name: Dragon
  m_TagString: Untagged
  m_Icon: {fileID: 0}
  m_NavMeshLayer: 0
  m_StaticEditorFlags: 0
  m_IsActive: 1
--- !u!4 &2036828002837417368
Transform:
  m_ObjectHideFlags: 0
  m_CorrespondingSourceObject: {fileID: 0}
  m_PrefabInstance: {fileID: 0}
  m_PrefabAsset: {fileID: 0}
  m_GameObject: {fileID: 2042117047049166690}
  m_LocalRotation: {x: 0, y: 0, z: 0, w: 1}
  m_LocalPosition: {x: 0, y: -1.1, z: 0}
  m_LocalScale: {x: 1, y: 1, z: 1}
  m_ConstrainProportionsScale: 0
  m_Children:
  - {fileID: 2037286672142652942}
  - {fileID: 2037176982123371718}
  m_Father: {fileID: 0}
  m_RootOrder: 0
  m_LocalEulerAnglesHint: {x: 0, y: 0, z: 0}
--- !u!95 &2091084426805202220
Animator:
  serializedVersion: 4
  m_ObjectHideFlags: 0
  m_CorrespondingSourceObject: {fileID: 0}
  m_PrefabInstance: {fileID: 0}
  m_PrefabAsset: {fileID: 0}
  m_GameObject: {fileID: 2042117047049166690}
  m_Enabled: 1
  m_Avatar: {fileID: 9000000, guid: db0e640233be68c438bfcd895c7787f9, type: 3}
  m_Controller: {fileID: 9100000, guid: 7ca781bcf88f668498bc60d1264acc3c, type: 2}
  m_CullingMode: 0
  m_UpdateMode: 0
  m_ApplyRootMotion: 0
  m_LinearVelocityBlending: 0
  m_StabilizeFeet: 0
  m_WarningMessage: 
  m_HasTransformHierarchy: 1
  m_AllowConstantClipSamplingOptimization: 1
  m_KeepAnimatorControllerStateOnDisable: 0
--- !u!114 &96479785
MonoBehaviour:
  m_ObjectHideFlags: 0
  m_CorrespondingSourceObject: {fileID: 0}
  m_PrefabInstance: {fileID: 0}
  m_PrefabAsset: {fileID: 0}
  m_GameObject: {fileID: 2042117047049166690}
  m_Enabled: 1
  m_EditorHideFlags: 0
  m_Script: {fileID: 11500000, guid: a07dad53d9a926647a7a05d7e2c2befa, type: 3}
  m_Name: 
  m_EditorClassIdentifier: 
  m_speed: 0.5
--- !u!114 &8552185251101025141
MonoBehaviour:
  m_ObjectHideFlags: 0
  m_CorrespondingSourceObject: {fileID: 0}
  m_PrefabInstance: {fileID: 0}
  m_PrefabAsset: {fileID: 0}
  m_GameObject: {fileID: 2042117047049166690}
  m_Enabled: 1
  m_EditorHideFlags: 0
  m_Script: {fileID: 11500000, guid: a04485e35676c3c4fba0796d227e0934, type: 3}
  m_Name: 
  m_EditorClassIdentifier: 
  m_timeToLive: 4
--- !u!114 &8181025933053845222
MonoBehaviour:
  m_ObjectHideFlags: 0
  m_CorrespondingSourceObject: {fileID: 0}
  m_PrefabInstance: {fileID: 0}
  m_PrefabAsset: {fileID: 0}
  m_GameObject: {fileID: 2042117047049166690}
  m_Enabled: 1
  m_EditorHideFlags: 0
  m_Script: {fileID: 11500000, guid: 23b5ca5ed6f076a4c945d484c4c5c0a3, type: 3}
  m_Name: 
  m_EditorClassIdentifier: 
  m_baseSpeed: 10
  m_moveTo: {x: 0, y: 0, z: -10}
  m_moveZ: 1
--- !u!1 &2042170850217102966
GameObject:
  m_ObjectHideFlags: 0
  m_CorrespondingSourceObject: {fileID: 0}
  m_PrefabInstance: {fileID: 0}
  m_PrefabAsset: {fileID: 0}
  serializedVersion: 6
  m_Component:
  - component: {fileID: 2037251651078412310}
  m_Layer: 0
  m_Name: Bone023
  m_TagString: Untagged
  m_Icon: {fileID: 0}
  m_NavMeshLayer: 0
  m_StaticEditorFlags: 0
  m_IsActive: 1
--- !u!4 &2037251651078412310
Transform:
  m_ObjectHideFlags: 0
  m_CorrespondingSourceObject: {fileID: 0}
  m_PrefabInstance: {fileID: 0}
  m_PrefabAsset: {fileID: 0}
  m_GameObject: {fileID: 2042170850217102966}
  m_LocalRotation: {x: 0.10870678, y: 0.13154171, z: -0.4278219, w: 0.88760805}
  m_LocalPosition: {x: -0.15181224, y: -0.0000025081633, z: 0.000000009536743}
  m_LocalScale: {x: 1.0000001, y: 1, z: 0.99999994}
  m_ConstrainProportionsScale: 0
  m_Children:
  - {fileID: 2036901678721228516}
  m_Father: {fileID: 2043102876565783702}
  m_RootOrder: 0
  m_LocalEulerAnglesHint: {x: 17.790104, y: 8.485349, z: -50.13719}
--- !u!1 &2042171266621863730
GameObject:
  m_ObjectHideFlags: 0
  m_CorrespondingSourceObject: {fileID: 0}
  m_PrefabInstance: {fileID: 0}
  m_PrefabAsset: {fileID: 0}
  serializedVersion: 6
  m_Component:
  - component: {fileID: 2037011729537283668}
  m_Layer: 0
  m_Name: Bone009
  m_TagString: Untagged
  m_Icon: {fileID: 0}
  m_NavMeshLayer: 0
  m_StaticEditorFlags: 0
  m_IsActive: 1
--- !u!4 &2037011729537283668
Transform:
  m_ObjectHideFlags: 0
  m_CorrespondingSourceObject: {fileID: 0}
  m_PrefabInstance: {fileID: 0}
  m_PrefabAsset: {fileID: 0}
  m_GameObject: {fileID: 2042171266621863730}
  m_LocalRotation: {x: -0.0039649457, y: -0.15063396, z: -0.032428917, w: 0.9880496}
  m_LocalPosition: {x: -0.14715205, y: 0.000000057220458, z: -0.000000076293944}
  m_LocalScale: {x: 1.0000001, y: 1, z: 0.99999994}
  m_ConstrainProportionsScale: 0
  m_Children:
  - {fileID: 2043405122499409474}
  m_Father: {fileID: 2043338569879323164}
  m_RootOrder: 0
  m_LocalEulerAnglesHint: {x: -1.0087396, y: -17.304903, z: -3.6061695}
--- !u!1 &2042173185351358678
GameObject:
  m_ObjectHideFlags: 0
  m_CorrespondingSourceObject: {fileID: 0}
  m_PrefabInstance: {fileID: 0}
  m_PrefabAsset: {fileID: 0}
  serializedVersion: 6
  m_Component:
  - component: {fileID: 2043338569879323164}
  m_Layer: 0
  m_Name: Bone008
  m_TagString: Untagged
  m_Icon: {fileID: 0}
  m_NavMeshLayer: 0
  m_StaticEditorFlags: 0
  m_IsActive: 1
--- !u!4 &2043338569879323164
Transform:
  m_ObjectHideFlags: 0
  m_CorrespondingSourceObject: {fileID: 0}
  m_PrefabInstance: {fileID: 0}
  m_PrefabAsset: {fileID: 0}
  m_GameObject: {fileID: 2042173185351358678}
  m_LocalRotation: {x: -0.2329311, y: -0.049552035, z: -0.0037972757, w: 0.9712226}
  m_LocalPosition: {x: -0.14711018, y: -0.00000030517577, z: -0.000000085830685}
  m_LocalScale: {x: 0.99999994, y: 1.0000001, z: 1}
  m_ConstrainProportionsScale: 0
  m_Children:
  - {fileID: 2037011729537283668}
  m_Father: {fileID: 2043322884497719976}
  m_RootOrder: 0
  m_LocalEulerAnglesHint: {x: -26.925539, y: -6.0831003, z: 1.0095075}
--- !u!1 &2042222071661838146
GameObject:
  m_ObjectHideFlags: 0
  m_CorrespondingSourceObject: {fileID: 0}
  m_PrefabInstance: {fileID: 0}
  m_PrefabAsset: {fileID: 0}
  serializedVersion: 6
  m_Component:
  - component: {fileID: 2043100163346339824}
  m_Layer: 0
  m_Name: Dummy002
  m_TagString: Untagged
  m_Icon: {fileID: 0}
  m_NavMeshLayer: 0
  m_StaticEditorFlags: 0
  m_IsActive: 1
--- !u!4 &2043100163346339824
Transform:
  m_ObjectHideFlags: 0
  m_CorrespondingSourceObject: {fileID: 0}
  m_PrefabInstance: {fileID: 0}
  m_PrefabAsset: {fileID: 0}
  m_GameObject: {fileID: 2042222071661838146}
  m_LocalRotation: {x: -0.000000047055067, y: 0.00000043933886, z: 0.0053510102, w: 0.9999857}
  m_LocalPosition: {x: 0.021765811, y: -0.08398577, z: 0.00000006556511}
  m_LocalScale: {x: 1.0000001, y: 0.99999994, z: 1}
  m_ConstrainProportionsScale: 0
  m_Children:
  - {fileID: 2043448408368862840}
  m_Father: {fileID: 2037176982123371718}
  m_RootOrder: 1
  m_LocalEulerAnglesHint: {x: -0.0000056614304, y: 0.00005031495, z: 0.6131835}
--- !u!1 &2042230428923033132
GameObject:
  m_ObjectHideFlags: 0
  m_CorrespondingSourceObject: {fileID: 0}
  m_PrefabInstance: {fileID: 0}
  m_PrefabAsset: {fileID: 0}
  serializedVersion: 6
  m_Component:
  - component: {fileID: 2043488580407322018}
  m_Layer: 0
  m_Name: Bone025
  m_TagString: Untagged
  m_Icon: {fileID: 0}
  m_NavMeshLayer: 0
  m_StaticEditorFlags: 0
  m_IsActive: 1
--- !u!4 &2043488580407322018
Transform:
  m_ObjectHideFlags: 0
  m_CorrespondingSourceObject: {fileID: 0}
  m_PrefabInstance: {fileID: 0}
  m_PrefabAsset: {fileID: 0}
  m_GameObject: {fileID: 2042230428923033132}
  m_LocalRotation: {x: -0.50860757, y: 0.20072949, z: -0.10971872, w: 0.8300529}
  m_LocalPosition: {x: -0.13372017, y: 0, z: 0.000000019073486}
  m_LocalScale: {x: 1, y: 0.9999999, z: 0.9999999}
  m_ConstrainProportionsScale: 0
  m_Children:
  - {fileID: 2043281139994893950}
  m_Father: {fileID: 2036901678721228516}
  m_RootOrder: 0
  m_LocalEulerAnglesHint: {x: -53.158268, y: 47.8923, z: -40.1136}
